1757 2877
854 168 881 208 5

188 280 382 330 ἐρέβινθος
408 278 463 318 th.
483 279 559 319 894
585 283 657 319 etc.
700 279 927 332 Apollonius
954 280 1002 320 de
1028 280 1121 320 feris
1146 279 1194 319 II.
1214 279 1300 327 694,
1327 278 1391 319 IV.
1414 278 1490 318 488
1516 282 1562 318 ut

186 331 346 370 Theocr.
381 332 442 370 25.
481 332 564 371 135.
619 333 823 383 ἀγροτέρου
859 335 1032 384 Βρομίου
1068 332 1208 371 Kaibel
1241 332 1361 381 epigr.
1398 344 1455 369 ex.
1482 330 1560 381 lap.

187 380 284 419 conl.
303 382 390 419 871.
412 383 444 419 1.
473 382 527 432 (Π
543 396 581 432 p.
602 382 690 420 Chr.
708 383 837 433 saec).
864 405 915 410 —
944 383 1141 433 ἀγρότεροι
1168 382 1455 421 substantivum
1482 386 1559 420 est:

186 432 393 483 ἀγροτέρων
416 432 593 483 ferarum
619 432 777 473 Theocr.
802 432 902 473 Vm.
929 434 989 473 58.
1043 437 1221 485 pastores
1248 432 1472 472 indicantur
1497 444 1558 484 ap.

184 484 453 534 Apollonidem
478 485 634 523 Anthol.
661 485 743 523 Pal.
770 486 836 523 IX.
862 486 951 524 244.
971 487 1005 524 7.
1032 486 1181 531 πληθὺς
1211 486 1421 533 ἀγροτέρων
1446 488 1488 531 ¹).
1506 506 1557 512 —

185 534 336 574 Similes
352 534 499 573 formae
513 539 605 573 sunt
623 541 651 573 θ
663 542 707 581 ηλ
720 537 792 574 ὐτε
804 552 825 584 ρ
836 553 880 574 αι
893 552 905 573 .-
932 535 1043 575 Hom.
1063 541 1110 573 θ.
1122 537 1288 585 γυναῖκες
1313 540 1345 574 Θ
1359 535 1446 581 520,
1465 539 1554 582 θηλ.

187 590 275 625 θεαὶ
294 593 321 624 θ
340 586 426 625 324.
450 609 500 614 -
527 586 698 626 Herbam
717 594 758 626 θ.
782 587 888 627 dicit.
906 586 1003 626 Nic.
1022 587 1079 627 th.
1098 586 1185 626 514.
1239 589 1324 635 ῥίζα
1350 588 1558 637 θηλυτέρης

188 665 196 673 .
211 666 219 673 .
235 666 242 674 .
259 638 548 686 ἀριστολοχείας·
565 640 689 686 ἄρσενι
710 641 748 676 δὲ
770 642 842 676 etc.
860 661 910 666 —
937 638 1138 676 muJierem
1154 641 1201 675 uf.
1211 637 1403 675 Homerus
1428 637 1478 675 al.
1497 638 1558 675 65.

185 689 393 740 θηλυτέρης
424 688 579 732 πώλοιο,
610 687 729 726 schol.
756 688 1014 736 πρωτοτόκοιο
1042 688 1230 738 γυναικός.
1262 709 1312 715 -
1349 689 1441 738 χέρα
1469 686 1558 726 Cal-

183 738 262 776 lim.
294 738 377 776 Del.
410 738 497 776 221.
524 761 574 765 —
608 737 684 776 Pro
712 739 954 778 substantivo
976 739 1008 789 1)
1040 742 1272 788 usmpatum
1307 742 1367 776 esf,
1397 737 1454 776 th.
1482 738 1557 777 859

184 789 310 836 ἔφηλις
337 791 557 836 θηλυτέρης,
596 788 645 826 al.
672 789 748 827 583
776 792 983 837 θηλυτέρης
1009 792 1160 839 γυίοισι.
1212 788 1338 837 Apoll.
1363 788 1427 826 IV.
1458 789 1558 827 1346

184 838 327 888 plurali
360 850 519 877 numero
554 842 601 877 ut
643 838 709 877 [Π.
737 839 813 878 209
847 840 1006 878 Theocr.
1044 840 1104 878 17.
1141 839 1191 878 35
1217 836 1326 877 Bion.
1356 838 1415 877 14.
1448 838 1497 877 al.
1523 852 1557 878 v.

185 888 404 928 Schneider.
430 888 566 928 Philol.
593 889 734 929 xxm.
767 891 863 936 4273
899 890 949 929 de
980 890 1116 928 Nonno
1142 903 1176 928 v.
1201 889 1315 928 Bintz
1343 889 1391 927 de
1417 889 1557 929 adiect.

184 940 279 989 epic.
299 952 360 989 ap.
373 939 497 978 Noun.
526 940 652 990 (Halis
674 941 791 992 1865)
817 954 855 991 p.
873 942 934 980 27.
953 963 1003 969 -
1033 942 1288 990 ὀρέστερος
1312 952 1385 990 pro
1413 941 1558 988 ὀρεινὸς

183 991 293 1029 Hom.
314 990 366 1035 ‚X
384 991 444 1029 93.
474 992 636 1039 δράκων,
666 1008 686 1030 κ
704 993 781 1030 212
807 994 924 1032 λύκοι.
979 991 1176 1031 Nicand.
1202 990 1258 1030 th.
1286 991 1363 1030 806
1386 993 1557 1040 βέμβικος

185 1043 385 1090 ὀρεστέρου
404 1043 449 1089 ἠὲ
466 1045 649 1091 μελίσσης.
698 1042 838 1093 Cybele
865 1045 963 1094 (Γᾶ)
990 1047 1152 1083 vocatur
1172 1043 1350 1093 ὄρεστέρα
1376 1041 1554 1093 Sophocl.

182 1093 280 1132 Phil.
308 1094 395 1132 391.
421 1115 471 1121 -—
509 1093 571 1131 Ad
598 1095 815 1144 exemplum
845 1095 1056 1133 formarum
1082 1094 1376 1133 Homerioamm
1407 1094 1557 1143 primus

181 1143 277 1182 Nic.
305 1156 423 1182 ausus
450 1148 509 1182 est
542 1145 762 1194 ἐάρτερος
793 1165 833 1179 =
866 1146 1060 1194 ἐαρι-νός
1085 1158 1120 1183 v.
1145 1144 1238 1183 Lob.
1267 1144 1375 1182 elem.
1401 1144 1430 1182 Ι.
1459 1145 1555 1183 334:

181 1194 237 1233 th.
264 1194 339 1233 380
365 1195 507 1243 πρόςθε
534 1199 628 1244 βοῆς
655 1196 833 1245 κόκκυγος
860 1198 1051 1246 ἔαρτὲρου.
1082 1218 1132 1223 -
1166 1195 1227 1234 Ex
1252 1207 1327 1234 usu
1351 1194 1556 1235 Homerico

182 1258 297 1295 quem
329 1244 578 1284 Aristarchus
610 1247 762 1285 notavit
782 1248 814 1297 ²)
850 1246 1155 1297 comparativum
1187 1258 1259 1297 pro
1293 1246 1459 1296 positivo
1484 1257 1555 1296 po-

181 1296 280 1335 suit:
310 1296 635 1346 ἀλυκρότερος
656 1297 689 1348 ³)
718 1296 768 1336 al.
795 1297 882 1336 386.
909 1297 1010 1349 (cod.
1039 1298 1124 1348 ἇλ.).
1161 1298 1499 1348 χαλικρότερος
1519 1298 1554 1347 ⁴)

180 1346 229 1386 al.
248 1348 310 1386 59.
328 1347 414 1385 613.
467 1349 789 1398 μελιχρότερος
815 1348 862 1387 fr.
878 1349 938 1388 74.
957 1349 1019 1387 47.
1067 1348 1383 1397 θαμειὸτερος
1399 1347 1450 1387 al.
1468 1346 1555 1387 581.

179 1398 448 1446 οὐλότερος.
477 1398 523 1436 fr.
551 1399 612 1437 72.
638 1399 674 1437 8.

279 1443 451 1495 ἅδινός
483 1449 560 1496 (ἆδ)
596 1448 643 1488 cf.
672 1461 703 1488 e.
731 1461 767 1498 g.
794 1448 905 1489 Hom.
940 1455 981 1489 X
1004 1450 1081 1488 440
1109 1450 1241 1488 ἁδινοῦ
1276 1451 1404 1499 ἐξῆρχε
1429 1449 1550 1498 γόοιο.

179 1500 227 1538 de
260 1499 492 1550 etymologia
522 1499 742 1546 dubitatum
786 1500 924 1539 referri
955 1500 1054 1539 solet
1080 1500 1131 1539 ad
1166 1501 1281 1546 ἄδην,
1321 1499 1467 1538 Buttm.
1506 1499 1553 1550 (Ι.

177 1563 214 1600 p.
248 1549 342 1601 206)
385 1554 585 1600 comparat
620 1551 733 1599 ἁδρός
777 1555 823 1589 ut
859 1552 987 1596 ἀδινὸς
1028 1550 1080 1590 sit
1117 1550 1330 1598 ‚,densus“‚
1373 1550 1552 1589 Doederl.

179 1602 268 1644 ἅδος
301 1601 472 1639 satietas.
527 1601 672 1640 Goebel
701 1601 822 1640 refert:
853 1602 905 1641 ad
931 1602 1014 1641 rad.
1041 1606 1087 1640 Δι
1111 1602 1254 1639 moveri
1289 1600 1491 1648 „mobilis“
1518 1614 1553 1641 v.

177 1651 309 1690 Lexic.
344 1651 455 1690 Hom.
483 1664 647 1702 compos.
674 1652 857 1702 Ebeling‚
895 1652 1051 1704 Capelle
1087 1657 1160 1691 etc.
1195 1665 1233 1703 p.
1265 1652 1327 1691 27.
1391 1652 1553 1692 Veteres

177 1702 540 1753 interpretabantur
566 1707 636 1742 aut
662 1704 805 1747 πυκνός
831 1708 901 1744 aut
928 1704 1083 1754 συνεχής
1111 1707 1182 1742 aut
1210 1703 1363 1747 ἐλεεινός
1389 1704 1549 1754 (γοερός,

179 1755 448 1844 οἷκτᾏῗόςὲκῖιτά
474 1756 681 1845 ,κ111ἰτωλοὸἱ
681 1754 829 1845 ὶῧεὲωὶ
865 1755 898 1794 Β
926 1761 967 1794 Χ
990 1755 1084 1806 430)
1112 1755 1441 1845 ἃιῗολεπτόᾍαιιῆ
1459 1755 1552 1814 ἧᾷὑς

176 1818 210 1843 v.
286 1818 327 1843 er
355 1818 376 1844 e
444 1818 488 1844 ro
520 1835 528 1844 .
584 1835 592 1844 .
782 1818 800 1845 s
830 1836 838 1845 .
924 1819 1064 1845 uarum
1100 1818 1184 1845 1101
1208 1818 1301 1844 num
1388 1818 1410 1845 0
1441 1818 1552 1845 omus

178 1855 385 1906 plerasque
404 1818 603 1907 elitpresinJt.
647 1857 764 1908 Apud
776 1819 1074 1898 Nqicailidrum
1099 1861 1160 1896 est
1178 1857 1328 1901 ἐλεεινός
1344 1818 1405 1896 vlel
1421 1858 1552 1907 γοερός

178 1907 227 1947 al.
260 1907 336 1946 304
456 1911 585 1953 πίτυος
620 1913 809 1958 γοερῆς.
826 1940 833 1946 .
852 1938 859 1946 .
878 1910 920 1956 ,ἦ
952 1912 991 1947 δὲ
1028 1909 1147 1958 μόρον
1173 1909 1409 1947 πολύπυστον
1433 1907 1549 1947 'errac-

178 1958 322 2003 άζουσα
348 1960 425 1997 κατ’
456 1959 544 2008 ἄγκη
566 1962 827 2011 οἴη-συνεχέως·
849 1960 1013 2007 ἀδινὴν
1043 1960 1287 2009 ἀναβάλλεται
1313 1959 1417 2010 ἡχήν.
1469 1956 1550 1998 Ad-

264 2101 289 2139 ι)
313 2101 354 2133 de
388 2100 582 2141 adieetivis,
614 2101 792 2141 praecipue
814 2100 1014 2139 Homericis,
1037 2110 1057 2132 a
1087 2100 1195 2141 poetis
1226 2099 1462 2132 Alexandrinis
1488 2110 1550 2141 pro

179 2143 396 2176 substantivis
419 2143 587 2183 usurpatis
609 2153 640 2174 v.
662 2142 739 2174 infr.
762 2139 981 2183 εἰὶσκαρθμος.

261 2185 286 2226 5²)
309 2185 556 2217 Friedlaender.
578 2184 757 2216 Aristonic.
779 2195 809 2225 p.
833 2185 875 2216 30
896 2181 1050 2224 νεώτερος
1070 2184 1143 2217 νέος
1172 2183 1275 2215 schol.
1297 2182 1394 2215 Hom.
1419 2185 1452 2213 A
1476 2185 1547 2216 324.

181 2224 344 2269 σαώτερος
364 2226 465 2258 schol.
486 2229 521 2256 A
542 2227 591 2259 32.
635 2224 834 2269 μελάντερον
854 2224 931 2265 offan
957 2227 1066 2256 πίσσα
1087 2225 1190 2257 schol.
1212 2226 1246 2256 A
1266 2226 1338 2258 277.
1362 2226 1425 2257 etc.

177 2311 200 2344 d
262 2266 454 2343 ἺΙῖἱλξκριΙίν
471 2268 665 2343 ΙὸοΙΙιόιΞίᾱθτ.
689 2268 910 2301 Callimaohea
925 2268 957 2300 11
979 2267 1019 2300 fr.
1036 2278 1135 2299 anon.
1157 2269 1187 2300 6.
1210 2282 1251 2294 =
1274 2264 1441 2309 θαλυκρός
1461 2267 1546 2308 tepi-

201 2321 289 2394 un⁵⁴)
312 2320 488 2395 ‹suodenon
512 2364 532 2385 a
548 2353 749 2395 χαλίκρατος
770 2352 907 2385 111101.οω
929 2363 989 2394 per
1011 2361 1175 2394 syncopen
1197 2361 1258 2393 pro
1276 2349 1550 2393 χαλικρατὸτερος

181 2396 310 2429 dictum
338 2398 391 2427 est
410 2398 450 2427 ut
470 2395 584 2428 Naeke
605 2395 647 2427 de
668 2395 809 2428 Choeril.
830 2405 863 2436 p.
890 2397 953 2427 217
976 2394 1031 2435 (cf.
1055 2394 1212 2434 addend.)
1238 2393 1354 2434 voluit,
1375 2394 1435 2426 sed
1450 2394 1551 2435 χαλι-

178 2435 448 2513 κρόςᾱροεὶῒέἴιιε
476 2437 665 2514 sgni'endus,
692 2436 736 2471 cf.
758 2448 788 2471 v.
812 2439 854 2470 29
872 2438 1069 2480 χαλίκραιος
1093 2447 1125 2471 v.
1147 2436 1280 2469 Lobeck
1301 2436 1418 2477 parall-
1441 2446 1474 2477 p.
1496 2437 1548 2467 42.

180 2499 218 2504 —
241 2491 252 2512 1
279 2490 331 2513 em
352 2490 371 2513 e
423 2490 489 2522 quo
532 2490 683 2523 ακρατος.
