1757 2877
277 688 336 725 De
362 687 559 725 vocabulis
585 687 800 725 Homericis
826 700 928 735 quae
954 688 1060 735 apud
1080 687 1320 725 Nicandrum
1345 689 1549 726 inveniun-

174 741 241 776 tur
272 749 374 775 anno
412 737 509 775 1854
547 737 591 775 R.
624 737 887 775 Volkmannus
925 737 967 775 in
996 737 1395 777 Commentationibus
1429 737 1549 789 epicis

175 789 264 839 egit.
317 787 394 828 Sed
411 801 536 838 neque
562 789 692 827 omnia
707 789 894 828 tractavit
910 801 983 827 nec
1008 789 1139 839 potuit
1158 789 1201 828 Ο.
1222 789 1447 828 Schneideri
1466 789 1549 828 edi-

174 841 319 879 tionem
345 839 532 877 adhibere
569 844 609 877 et
635 840 821 889 pleraque
848 840 1022 878 subsidia
1047 853 1124 889 que
1158 842 1379 879 necessaria
1403 841 1484 879 sint
1509 841 1550 878 in

174 895 379 941 poetarum
405 890 756 929 Alexandrinorum
782 891 988 929 dictionem
1021 891 1235 940 inquirenti
1260 892 1454 941 posterior
1479 891 1550 929 de-

175 955 281 981 mum
314 946 425 981 aetas
458 941 603 980 attulit.
656 942 784 989 Quare
819 954 959 992 operae
994 943 1163 992 pretium
1190 943 1315 981 visum
1341 947 1401 981 est
1426 947 1552 981 totam

176 994 443 1042 quaestionem
459 997 686 1031 retractare.
730 993 831 1039 Quid
849 997 980 1031 autem
997 992 1196 1031 vocabulis
1214 993 1347 1031 formis
1364 993 1502 1042 figuris
1519 993 1550 1042 ¹)

175 1042 389 1082 Homericis
414 1043 456 1080 in
480 1048 685 1093 poetarum
702 1043 1052 1083 Alexandrinorum
1079 1044 1314 1083 carminibus
1338 1044 1551 1094 investiga-

175 1095 227 1134 tis
254 1099 294 1133 et
318 1095 386 1133 ubi
411 1094 496 1133 fieri
520 1099 651 1145 potest
674 1096 891 1134 imitatione
917 1096 968 1134 ad
995 1096 1238 1144 grammatici
1265 1096 1429 1145 alicujus
1456 1096 1550 1134 doc-

175 1146 319 1185 trinam
343 1150 525 1184 revocata
540 1158 618 1185 non
645 1146 697 1184 ad
721 1146 893 1196 ipsorum
919 1146 1033 1185 modo
1060 1151 1264 1196 poetarum
1291 1147 1550 1197 cognitionem

175 1209 273 1246 quos
300 1209 325 1235 a
349 1208 524 1235 sermone
548 1197 754 1236 Homerico
790 1197 1081 1246 diligentissime
1116 1197 1320 1236 observato
1354 1197 1551 1247 profectos

176 1259 261 1287 esse
286 1260 439 1287 omnes
465 1248 561 1287 satis
586 1252 720 1287 notum
747 1252 818 1296 est,
846 1248 916 1287 sed
943 1249 1062 1287 etiam
1087 1249 1139 1287 ad
1163 1248 1381 1288 studiorum
1407 1248 1550 1288 Home-

175 1300 345 1338 ricorum
379 1300 486 1349 apud
519 1299 801 1338 Alexandrinos
840 1299 1043 1338 historiam
1087 1300 1396 1338 adumbrandam
1430 1300 1550 1349 profi-

177 1350 315 1397 ciatur,
340 1349 549 1388 Merkelius
584 1351 625 1388 in
651 1349 936 1399 Prolegomenis
961 1350 1227 1399 Apollonianis
1253 1350 1388 1389 docuit
1409 1351 1453 1402 ²).
1505 1350 1550 1389 In

178 1399 374 1440 Nicandro
399 1401 521 1450 igitur
538 1413 624 1440 eam
649 1405 802 1451 partem
818 1400 915 1440 mihi
941 1402 1087 1451 sumpsi
1113 1402 1432 1451 pertractandam
1448 1415 1550 1452 quae

179 1456 239 1490 est
265 1453 314 1490 de
340 1452 540 1490 adjectivis
566 1452 838 1501 adverbiisque
873 1452 923 1490 ab
960 1452 1161 1490 adiectivis
1186 1452 1373 1491 derivatis
1399 1457 1439 1491 et
1463 1453 1555 1491 sub-

178 1503 358 1541 stantivis
384 1502 600 1541 Homericis
624 1503 667 1540 in
693 1515 771 1552 quo
808 1502 870 1541 his
893 1501 1036 1541 finibus
1061 1515 1124 1541 me
1151 1503 1326 1542 contineo
1352 1507 1399 1542 ut
1423 1503 1473 1542 de
1500 1504 1556 1542 eis

177 1557 332 1592 tantum
366 1554 554 1592 disseram
589 1566 690 1603 quae
723 1557 835 1593 extra
860 1553 1019 1592 Homeri
1053 1555 1227 1593 carmina
1257 1567 1382 1604 usque
1408 1554 1460 1593 ad
1484 1554 1555 1593 Ni-

179 1604 312 1643 candri
338 1609 508 1644 aetatem
542 1605 694 1643 rariora
720 1605 809 1652 sint,
848 1605 1058 1654 praecipue
1085 1617 1187 1654 quae
1212 1605 1320 1655 apud
1345 1605 1448 1644 solos
1473 1605 1555 1644 Ho-

177 1667 325 1694 merum
352 1660 392 1695 et
415 1654 656 1694 Nicandrum
682 1659 909 1705 ceterosque
948 1659 1085 1705 poetas
1110 1655 1393 1695 Alexandrinos
1418 1669 1555 1696 occur—

176 1711 268 1746 rant
293 1711 363 1745 aut
380 1707 433 1745 ad
458 1711 631 1745 veterum
648 1706 807 1745 Homeri
825 1707 1038 1745 editionum
1055 1707 1242 1745 lectiones
1260 1712 1439 1756 spectent
1465 1708 1554 1757 qui-

177 1756 329 1806 busque
353 1770 500 1796 memor
523 1757 696 1796 locorum
720 1757 1011 1795 Homericorum
1038 1756 1234 1795 Nicander
1264 1770 1359 1796 usus
1386 1770 1470 1797 esse
1495 1759 1553 1797 vi-

178 1807 334 1855 deatur,
372 1809 492 1858 inque
519 1821 566 1847 ea
600 1812 691 1847 ante
717 1808 844 1847 omnia
868 1809 1065 1858 inquirere
1098 1821 1226 1847 meum
1252 1809 1328 1847 erit
1353 1821 1456 1859 quae
1482 1814 1554 1849 aut

176 1860 440 1909 grammaticis
463 1860 737 1899 Alexandrinis
763 1860 935 1910 aliquam
953 1860 1178 1910 disputandi
1203 1861 1408 1899 materiam
1433 1873 1552 1911 prae-

175 1911 333 1950 buerint
360 1912 417 1962 (in
443 1924 521 1961 quo
548 1924 624 1950 non
649 1916 741 1950 sunt
766 1911 1114 1961 praetermittenda
1141 1923 1188 1949 ea
1212 1912 1253 1949 in
1280 1911 1423 1960 quibus
1440 1912 1475 1950 A
1488 1912 1552 1949 ri-

176 1961 421 2001 starchus
446 1962 730 2001 Alexandrinos
754 1966 892 2013 poetas
926 1966 973 2001 ut
998 1961 1048 2001 ab
1082 1961 1241 2001 Homeri
1277 1974 1452 2001 sermone
1484 1962 1553 2001 de-

179 2011 371 2051 clinantes
396 2014 548 2052 notavit
569 2014 601 2064 ³)
662 2018 733 2052 aut
757 2017 901 2052 novata
926 2026 952 2052 a
975 2012 1170 2051 Nicandro
1205 2013 1486 2062 significatione
1509 2014 1552 2051 in

176 2063 375 2102 Theriacis
403 2068 443 2102 et
468 2064 606 2114 Alexip
747 2064 802 2102 cis
828 2075 903 2102 usu
928 2064 1096 2102 veniant.
1483 2075 1493 2086 ·

262 2190 287 2232 ι)
311 2190 576 2238 „Affectionibus
607 2189 649 2221 iis
680 2189 799 2230 quibus
831 2188 1018 2236 substantia
1048 2198 1165 2235 *jocum
1195 2187 1416 2228 interpolatur
1436 2187 1551 2227 quales

175 2235 254 2264 sunt
296 2233 480 2273 pleonasmi
517 2232 649 2272 ellipses
684 2234 866 2278 tropaeque
899 2239 1010 2262 variae
1043 2230 1215 2278 literarum
1248 2229 1301 2261 vel
1338 2229 1550 2270 syllabarum,

175 2276 378 2316 respondent
399 2273 642 2315 quodammodo
675 2273 861 2314 singulares
892 2274 1177 2304 constructionum
1209 2270 1336 2303 formae
1363 2281 1447 2312 quae
1469 2270 1550 2304 fines

175 2317 363 2349 ordinariae
392 2327 432 2348 ac
461 2316 632 2357 legitimae
654 2317 830 2363 syntaxeos
854 2315 1083 2363 egrediuntur:
1119 2315 1180 2346 has
1210 2314 1417 2363 grammatici
1439 2313 1550 2345 Latini

166 2361 300 2441 ιΙιζτμινὶιΐς
323 2359 542 2432 ἓριίῗίὶίἱαωῐᾶῒ,
564 2358 683 2431 {rnetqi
705 2355 894 2430 (ἶῖζήμιατᾶθ.
939 2357 1151 2430 {gedlaend
1173 2357 1320 2387 Ariston.
1343 2367 1376 2395 p.
1401 2359 1429 2387 1.

307 2412 350 2433 c.
402 2410 476 2432 ers
524 2409 541 2430 e
593 2408 639 2430 ris
677 2408 916 2438 rcisu.p.
966 2409 1006 2430 a.

260 2443 285 2481 ⁸)
307 2454 338 2474 v.
361 2442 465 2473 Lehrs
488 2442 509 2473 l.
533 2444 553 2473 Ι.
