1757 2877
855 159 878 197 7

182 272 293 323 bum)
323 274 521 323 χαμαίλεον
559 271 622 317 η’δὲ
654 274 716 310 καὶ
753 272 896 322 όρφνόν
924 273 1123 324 (nigrum).
1151 295 1195 300 —
1237 272 1287 311 al.
1315 272 1365 311 74
1392 272 1557 322 αἰγλήεν-

184 339 248 367 τος
274 340 321 361 ιιι
350 324 477 361 υθιόυ.
694 347 697 350 >

283 336 368 413 ἐῖἴδ
408 373 489 420 λος
513 372 643 413 Hom.:
669 376 762 425 πῦρ,
780 374 907 425 Ἄρης,
926 374 1095 422 Ἀθήνη,
1124 375 1346 424 μνηστήρων
1367 374 1492 425 ὅμιλος
1508 374 1554 425 ¹).

182 425 357 466 Ribbeck
413 424 519 464 hilol.
545 424 611 464 IX.
640 424 691 464 58
719 437 823 473 „was
848 438 940 465 man
960 425 1179 465 anzusehen
1204 425 1290 465 sich
1308 425 1458 473 scheut,
1485 425 1557 465 ab·

182 476 418 524 scheulich“‚
445 476 591 515 Goebel
607 475 728 514 Lexil.
745 476 794 514 Π.
811 477 887 515 501
907 477 1122 523 „in-visus“
1150 477 1429 527 („ungesehn“,
1458 489 1557 524 „un-

181 527 393 574 sichtbar“‚
433 526 569 574 „nicht
593 526 791 565 anzusehn
820 547 863 562 =
892 526 1113 578 verhassffl)
1127 527 1171 578 ²).
1222 527 1409 567 Veterum
1433 528 1557 567 inter-

180 580 418 629 pretationes
445 580 647 616 enumerat
662 576 812 616 Merkel
836 578 948 627 proll.
967 577 1000 616 A
1029 577 1091 617 oll.
1118 591 1156 627 p.
1176 578 1361 618 CLXXII.
1378 601 1428 607 —
1454 578 1555 618 Nic.

180 630 237 669 th.
265 630 337 668 727
367 627 477 668 codd.
504 627 709 666 exhibente
744 629 950 677 βρύξαντος
979 591 1027 666 δΡ
1040 629 1191 675 ἀίδηλος
1224 631 1426 679 ἐπέδραμεν
1454 629 1557 679 ἀνέρι

183 683 310 731 φρίκη.
366 679 487 718 Recte
524 678 568 718 Ο.
600 677 813 718 Schneider
842 680 995 726 ἀίδηλον
1051 679 1207 718 adverb.
1243 679 1295 719 ad
1329 680 1555 731 βρύξαντος)

182 731 370 776 correxit3
408 742 498 769 nam
524 730 565 768 in
590 729 768 769 omnibus
794 729 843 769 de
870 730 1012 780 quibus
1067 742 1113 769 oc
1137 729 1223 770 loco
1250 731 1334 781 agit
1361 731 1555 782 serpenti-

177 782 251 822 bus
277 781 394 832 quale
418 780 559 820 vulnus
592 793 724 820 morsu
760 780 932 820 efficiant
980 780 1063 820 Nic.
1099 782 1269 832 exponit.
1313 781 1361 821 cf.
1397 796 1432 821 v.
1466 783 1554 821 719.

181 834 266 872 730.
294 834 379 872 737.
432 833 641 882 βρέξαντος
672 832 795 881 igitur
830 832 1056 872 adverbium
1089 832 1274 883 postulat.
1310 839 1373 882 βρ.
1403 834 1555 880 ἀΐδηλον

178 888 311 924 autem
346 882 558 933 significat:
596 887 777 933 serpente
804 896 963 923 caecum
990 884 1114 934 (quod
1139 896 1217 923 non
1244 885 1435 935 cernitur)
1469 883 1555 923 vul-

179 947 254 974 nus
298 934 489 974 efficiente
538 933 585 972 cf.
621 935 697 973 719
732 938 800 972 τοῦ
839 938 879 973 δὲ
912 937 974 973 καὶ
1010 937 1277 985 ἐγχρίμψαντας
1312 936 1552 984 ἇνουτήτῳ

179 988 294 1028 ἴκελος
326 985 424 1036 χραῖς
462 988 594 1033 μίμνει.
639 1006 690 1012 —
740 984 805 1023 Sic
837 985 989 1032 ἀΐδηλον
1030 985 1089 1024 ὁτὲ
1121 988 1184 1033 μὲν
1218 985 1260 1024 ‘cd
1298 986 1437 1032 ἄδηλον
1472 986 1554 1024 οἷον

181 1037 343 1085 ἀφανές.
362 1065 369 1073 .
387 1065 418 1073 ..
449 1034 619 1085 explicat
643 1034 768 1085 Apoll.
794 1034 869 1074 lex.
897 1036 956 1075 16.
974 1036 1024 1075 28
1040 1036 1073 1087 ³)
1101 1035 1148 1075 cf.
1166 1035 1256 1075 Hes.
1278 1035 1405 1087 Etym.
1424 1036 1554 1086 Magn.

177 1088 239 1126 41.
265 1088 327 1125 44.
354 1109 404 1114 -
430 1085 554 1136 Apoll.
582 1085 655 1124 Rh.
681 1086 745 1134 IV.
774 1086 860 1125 865.
914 1083 938 1132 ἦ
972 1090 1036 1125 καὶ
1071 1087 1179 1125 ἔπειτ’
1215 1087 1366 1134 ἀΐδηλος
1391 1087 1552 1126 ἐδύσατο

177 1140 314 1187 βένθεα
341 1138 480 1177 πόντου
510 1136 538 1175 I.
568 1137 654 1184 102,
690 1136 755 1175 IV.
782 1137 830 1176 47
859 1150 893 1175 v.
919 1136 1069 1177 Merkel
1094 1137 1120 1176 l.
1146 1137 1192 1185 l.‚
1226 1136 1438 1177 Schneider
1465 1136 1553 1178 Cal-

176 1189 255 1228 lim.
291 1189 337 1228 fr.
365 1201 477 1228 anon.
505 1188 581 1227 365
610 1188 753 1235 ἀκλειὴς
789 1189 940 1236 ἀΐδηλος
968 1189 1061 1227 ὑπαὶ
1089 1191 1255 1238 νεφέεσσι
1286 1191 1469 1237 κεδάσθη.
1501 1212 1551 1218 -

180 1241 333 1287 ἀΐδηλος
361 1240 653 1287 ἀπροσδόκητος
679 1240 720 1277 in
737 1238 838 1278 Nic.
863 1239 949 1278 loco
976 1239 1094 1279 schol.
1121 1240 1404 1290 interpretatus
1423 1244 1483 1279 est
1507 1245 1554 1279 ut

176 1290 364 1341 Porphyr.
400 1290 510 1329 Hom.
545 1294 585 1329 A
611 1289 706 1328 155:
748 1290 795 1328 οὑ
830 1293 951 1334 κακῶς
988 1293 1028 1329 δὲ
1053 1293 1115 1329 καῖ
1141 1293 1278 1337 Σέξτος
1313 1292 1478 1330 ἀπέδωκε
1511 1291 1566 1330 τὸ·

177 1344 215 1387 ἐξ
241 1343 409 1387 ἀδήλου
437 1343 550 1404 ἑμπε
565 1341 643 1379 σόν
663 1343 709 1387 ⁴).

276 1407 302 1431 α
311 1388 326 1430 ἶ
334 1394 401 1430 θα
411 1391 433 1430 λ
444 1405 466 1430 ο
476 1405 495 1430 ε
505 1405 521 1430 ι
529 1404 550 1437 ς
562 1419 573 1440 ,
609 1390 738 1441 signif.
772 1403 835 1441 ap.
858 1390 969 1430 Hom.
1007 1390 1193 1442 „fuligine
1224 1392 1434 1440 obductus,
1461 1392 1550 1432 fuli-

259 1510 283 1551 ¹)
305 1508 375 1551 ἔργ’
406 1506 527 1548 α’ΐδηλα
552 1509 588 1541 ἰιι
617 1509 783 1541 nonnullis
818 1508 915 1540 codd.
944 1508 1067 1549 legitur
1094 1507 1191 1539 Hom.
1227 1509 1259 1538 E
1286 1509 1358 1540 757.
1381 1508 1444 1541 872
1474 1519 1561 1541 cum-

175 1551 276 1584 schol.
298 1552 336 1583 A.
358 1554 392 1583 et-
413 1551 523 1592 Apoll.
539 1550 638 1592 Soph.
660 1561 692 1592 p.
718 1552 766 1583 16.
790 1553 842 1582 31.
865 1568 905 1573 -
927 1548 1068 1592 καρτερὰ
1090 1550 1173 1591 ἔργα
1194 1549 1292 1590 Vulg.
1316 1552 1351 1582 et
1363 1550 1551 1584 Aristarch.

258 1594 283 1635 ²)
306 1594 349 1626 cf.
371 1594 504 1626 Hesiod.
526 1604 580 1635 op.
602 1594 665 1626 756
694 1590 860 1635 μωμεύειν
880 1590 1012 1631 α’ΐδηλα,
1053 1591 1095 1624 de
1121 1602 1187 1633 quo
1207 1602 1237 1623 v.
1260 1592 1386 1624 Buttm.
1408 1593 1497 1625 lexil.
1522 1594 1550 1626 Ι.

175 1638 237 1669 248
260 1639 294 1668 et
315 1638 471 1677 interpr.,
495 1635 648 1677 Sophocl.
675 1635 768 1676 Ajac.
790 1636 853 1668 608
876 1633 1017 1673 ἀΐδηλον
1033 1631 1147 1666 uadem
1169 1634 1321 1676 (interpr.
1345 1632 1472 1674 ἄδηλον
1491 1638 1551 1668 aut

173 1676 420 1719 ἆδηλοποιόν.),
443 1678 546 1720 epigr.
570 1679 731 1717 (incertae
752 1677 883 1718 aetatis)
905 1687 958 1717 ap.
980 1676 1101 1708 Kaibel
1124 1677 1227 1719 epigr.
1253 1687 1364 1719 graec.
1387 1688 1428 1710 ex
1445 1678 1548 1719 lapid.

173 1721 257 1754 conl.
281 1732 314 1752 n.
340 1723 414 1753 240.
437 1722 456 1752 5
479 1719 616 1755 ἀΐδαλος
636 1717 730 1761 τύχα.

258 1763 282 1805 ⁸)
305 1763 395 1796 Haec
415 1762 646 1804 interpretatio
668 1760 858 1802 (ἀΐδηλον
882 1771 888 1778 ·
912 1758 1081 1803 ἀφανές)
1112 1771 1153 1793 ex
1175 1760 1259 1793 locis
1279 1760 1464 1794 Homericis
1486 1763 1548 1795 soli

173 1805 252 1837 libri
273 1808 305 1836 Β
324 1806 433 1838 versui
455 1807 517 1838 318
541 1806 619 1856 apta
648 1807 700 1836 est
726 1803 866 1844 (Merkel
895 1803 991 1843 proll.
1026 1803 1136 1844 Apoll.
1164 1814 1197 1844 p.
1219 1802 1381 1844 CLXXII)
1404 1801 1465 1834 τὸν
1483 1805 1548 1846 μὲν

174 1845 374 1889 ἀρίζηλον
394 1849 498 1887 θῆκεν
519 1850 599 1882 θεος
619 1844 719 1887 δςπερ
741 1846 863 1888 ἔφηνεν
883 1855 915 1877 v.
935 1845 1109 1886 interpret.
1140 1863 1180 1869 —
1214 1845 1274 1877 ubi
1296 1845 1473 1878 lectionem
1497 1845 1547 1877 dc-

174 1889 277 1929 δηλον
305 1900 389 1922 unus
411 1890 521 1931 Etym.
553 1899 665 1931 magn.
687 1891 738 1921 41.
762 1890 803 1921 43
833 1889 994 1926 testatur,
1026 1888 1086 1920 sed
1115 1897 1177 1919 nec
1204 1886 1270 1919 fuit
1299 1897 1339 1919 ea
1360 1888 1547 1922 Aristarchi

170 1933 220 1971 (id
240 1933 329 1974 quod
351 1933 519 1964 Duentzer
540 1932 618 1964 Zeu.
639 1942 670 1973 p.
697 1932 757 1963 118
778 1930 922 1972 putavit)
950 1930 1006 1971 qui
1031 1927 1164 1967 α’ἵῒηλον
1185 1929 1357 1962 scribebat
1377 1941 1408 1963 v.
1430 1930 1546 1964 Fried-

173 1975 282 2006 laend.
305 1975 452 2007 Ariston.
474 1985 508 2015 p.
529 1975 582 2012 67,
603 1984 710 2014 neque
733 1972 927 2014 Apollonius
949 1972 1049 2013 Soph.
1072 1970 1211 2009 ἀΐδηλον
1232 1972 1378 2013 legebat,
1397 1972 1434 2004 id
1456 1974 1545 2014 quod

174 2016 301 2047 Merkel
324 2017 346 2048 l.
368 2016 389 2047 l.
413 2026 433 2047 ο
456 2016 567 2047 inatus
591 2018 658 2053 est3
695 2025 773 2046 nam
804 2014 894 2054 quod
922 2014 980 2045 ille
1008 2013 1119 2055 pergit
1141 2010 1226 2056 ὅπερ
1246 2014 1303 2044 καὶ
1324 2012 1472 2052 aetenam
1493 2015 1546 2046 λέ-

173 2067 225 2101 γει
247 2067 255 2075 ·
278 2055 400 2099 τὸνμὲν
428 2057 576 2097 αείζηλον
603 2059 707 2098 θῆκεν
728 2059 790 2089 etc.
811 2056 999 2088 luculenter
1020 2056 1183 2094 declarat,
1217 2066 1292 2088 eum
1321 2053 1469 2096 ἀείζηλον
1493 2057 1546 2090 vel

172 2101 314 2133 similem
342 2100 498 2139 formam,
526 2102 617 2133 certe
643 2110 710 2132 non
740 2097 891 2137 ἀΐδηλον,
923 2098 1056 2140 legisse.
1110 2098 1278 2140 Apollonii
1305 2099 1410 2141 igitur
1435 2099 1547 2141 glossa

172 2141 311 2182 ἀΐδηλον
334 2141 460 2185 ἀφανὲς
481 2153 548 2174 non
570 2143 613 2174 ad
634 2142 813 2174 Homerum
842 2143 995 2181 spectare
1017 2140 1150 2173 videtur
1181 2151 1242 2172 nec
1264 2144 1393 2174 certum
1414 2144 1481 2178 est,
1510 2143 1545 2174 in

173 2184 358 2216 Homericis
380 2185 462 2218 locis
478 2182 614 2224 ἀΐδηλος
635 2181 756 2224 ἄδηλος
770 2182 1012 2215 Alexandrinos
1034 2185 1149 2225 poetas
1171 2184 1409 2239 interpretatos
1431 2183 1544 2217 fuisse.

176 2247 210 2252 -
233 2228 419 2263 Dicendum
439 2228 550 2270 potius
574 2237 629 2261 eos
659 2236 760 2269 quum
787 2226 923 2260 notione
952 2222 1074 2266 ἄδηλος
1101 2236 1215 2259 vocem
1244 2225 1313 2259 αιδ.
1344 2231 1543 2269 usurparent

173 2273 239 2321 aut·
252 2271 333 2303 alios
354 2273 430 2311 post
452 2270 492 2301 H.
514 2273 629 2318 poetas
650 2271 780 2305 secutos
811 2278 882 2300 esse
893 2271 962 2320 ‚aut
982 2269 1073 2317 hanc.
1100 2269 1270 2301 notionem
1293 2280 1394 2310 quum
1417 2273 1542 2311 etymo·

172 2312 677 2396 ¹⁰³¹²⁴f¹4³323⁶332¹33⁰2ss³521122⁸
692 2309 950 2395 ἆῧῖἷῗὲἷονὲἶᾶ
972 2311 1273 2388 ἓῗέὲὲὶῗέῂρείοᾱ.
1294 2352 1336 2385 fr.
1358 2353 1400 2385 96
1422 2352 1544 2386 coetu.

175 2398 234 2429 131
258 2396 357 2429 Kink.
385 2416 417 2420 —
452 2397 540 2438 apud
569 2396 774 2429 Nicandrum
802 2399 920 2428 contra
949 2397 1001 2427 est
1021 2396 1137 2436 „valde
1163 2395 1314 2436 fulgens“
1342 2395 1391 2428 th.
1411 2397 1455 2428 20
1483 2398 1545 2427 τοῦ

172 2438 348 2481 (Ὠρίωνος)
376 2439 471 2481 τέρας
508 2439 693 2488 ζιερίσημον
788 2435 938 2468 ἅείδελον
967 2435 1154 2480 ἐστήρικται
1181 2437 1223 2469 cf.
1245 2437 1386 2479 Hesych.
1411 2436 1542 2469 ἀείδελα

173 2478 324 2525 λαμπρά,
346 2481 388 2515 de
408 2491 475 2524 qua
496 2479 746 2524 significationis
767 2479 954 2515 mutatione
975 2491 1005 2515 v.
1026 2480 1152 2515 Buttm.
1172 2480 1263 2513 lexil.
1284 2480 1310 2514 1.
1332 2481 1406 2514 251.
