1757 2877
820 233 869 273 75

159 345 503 395 terpretationibus
538 358 655 394 quae
694 346 743 384 in
780 346 949 385 lexicis
976 351 1023 385 et
1049 346 1246 385 scholiis
1272 345 1535 384 Homericis

160 399 357 438 auctore
383 396 621 435 nominato
647 401 730 436 aut
754 410 846 436 11011
872 398 1111 436 nominato
1129 397 1390 436 traduntur
1414 407 1533 434 unam

161 451 362 498 acceptam
397 448 432 486 ei
465 447 585 487 fuisse
620 449 805 498 apparuit
841 449 881 487 in
907 448 988 488 his·
1036 449 1218 499 ἀβληχρὸς
1259 448 1384 491 ἀδινὸς
1421 449 1534 493 ἅηιος

162 499 312 546 ἀΐδηλος
325 499 377 550 (?)
413 500 603 543 αἰθαλόεις
636 501 787 544 ἀκιδνὸς
823 501 995 544 ἀλίαστος
1031 501 1234 550 ἀπηλεγέως
1261 499 1418 545 ἀσκελὴς
1445 504 1533 548 βλο-

161 551 279 599 συρὸς
303 552 479 600 βλωθρός
504 551 703 597 ἐπηετανός
715 551 770 601 (Ρ)
805 552 978 600 ἠλίβατος
1010 553 1172 614 ἰοχέαιρα
1210 551 1373 600 κρηγιιος
1408 556 1534 600 λευγα-

162 603 242 645 λεός
272 601 429 651 μάσσων
464 602 652 651 μενοεικής
690 602 894 666 μόσχος(.)
933 603 1120 651 ὀλοφώιος
1152 602 1351 644 οὐτιδανὸς
1378 601 1535 649 περκνός

161 655 417 702 προθέλυμνος
444 654 628 702 σφεδανός
642 653 694 703 (?)
723 654 877 703 ψολόεις
905 655 973 698 ἅζα
1004 654 1174 703 αἰγυπιὸς
1202 655 1329 699 αιζηός
1356 652 1535 702 αἰχμητής

162 704 342 754 ἇρχιστης
361 703 472 754 (adj.)
507 704 617 750 ἑιοηή
656 705 781 754 θρόνα
815 704 947 762 μόθος.
974 704 1108 752 ὁμοκλη
1139 707 1252 754 012904·
1279 704 1375 751 πρὸξ
1403 705 1530 751 ῥέθος.

159 754 205 793 111
230 754 427 793 vocabulis
446 753 629 793 solitariis
657 743 705 793 de
723 767 888 803 quorum
913 755 950 793 vi
977 755 1082 793 varie
1099 754 1348 793 iudicabatur
1375 767 1422 792 ex
1440 766 1534 811 poe-

159 809 289 845 tarum
323 805 670 844 Alexandrinorum
708 817 814 868 more
848 804 951 844 hanc
991 805 1286 855 ambiguitatem
1323 805 1534 855 expressit:

161 858 302 915 ἐλάχεια
327 857 477 905 μορόεις
503 860 588 903 cet„
614 869 647 895 v.
675 857 829 907 πάχετος
854 870 891 906 p.
910 856 959 894 41
987 861 1064 895 not.
1084 858 1119 895 3.
1171 857 1533 906 Interpretationem

159 907 210 947 ab
236 907 463 946 Aristarcho
489 908 756 957 impugnatam
783 907 983 957 amplexus
1012 912 1070 946 est
1103 908 1142 944 in
1176 909 1299 950 αἰόλος
1330 925 1373 957 7¹
1378 910 1415 944 ἴα
1454 904 1535 950 ὸαῖς

162 959 304 1008 δόρπον
345 959 420 1005 θύη
463 961 603 1005 θιιήλαι
646 961 794 1004 ιεἰιοδες
835 959 943 1002 σόλος
959 958 1011 1009 (?)
1053 959 1196 1004 (ιῖτειλῄ.
1265 958 1326 997 Ad
1361 962 1533 997 veterum

159 1010 318 1049 Homeri
353 1010 564 1049 editionum
598 1009 783 1049 lectiones
818 1010 921 1049 redit
948 1023 1009 1060 ap.
1036 1010 1273 1049 Nicandrum
1299 1022 1392 1049 usus
1420 1023 1533 1049 voca-

159 1061 338 1099 bulorum
374 1062 587 1124 1οἶμᾳιικαρής
621 1062 837 1109 ἐπιζάφελος
872 1062 963 1108 καρή
1005 1062 1131 1105 ἆλι’ζων
1165 1062 1398 1106 πολυδιιικὴς
1438 1077 1531 1108 σμυ-

159 1112 267 1161 χερός
301 1112 397 1158 ωπή.
479 1111 687 1150 Poetarum
721 1111 1091 1162 posthomericorum
1126 1124 1239 1151 usum
1276 1116 1434 1150 secutus
1471 1115 1532 1150 est

157 1163 198 1202 in
219 1165 449 1214 διαμπερέως
477 1164 656 1212 ἐπήβολος
682 1166 810 1206 κτίλος.
832 1185 875 1192 -—
908 1163 1097 1202 Secuntur
1116 1176 1163 1202 ea
1184 1163 1372 1202 vocabula
1388 1163 1530 1202 Home-

158 1215 242 1253 rica
278 1226 441 1263 quorum
475 1226 587 1252 usum
612 1213 806 1253 Nicander
838 1215 896 1253 ita
921 1215 1128 1252 variaverit
1154 1219 1199 1253 ut
1225 1214 1402 1264 ingenii
1429 1214 1530 1263 qui-

160 1265 266 1304 dam
290 1265 425 1304 lusus
450 1264 645 1304 observari
671 1266 804 1315 possit,
832 1266 873 1303 111
899 1278 976 1315 (1110
994 1266 1243 1315 praeiverunt
1259 1265 1531 1304 Alexandrinis

160 1317 285 1368 poetis
312 1316 626 1356 Antimachus
666 1321 705 1355 et
739 1321 830 1355 ante
868 1330 954 1355 eum
981 1316 1266 1367 Pythagorei
1302 1321 1342 1355 ct
1377 1329 1531 1355 sacro-

160 1381 260 1406 rum
287 1368 544 1406 carminum
574 1372 806 1413 auctores,
834 1381 867 1405 v.
882 1367 1004 1405 Lehrs
1030 1368 1078 1405 de
1095 1368 1212 1405 Arist.
1240 1381 1277 1417 p.
1297 1369 1357 1413 69,
1384 1367 1532 1405 Merkel

160 1418 270 1468 proll.
299 1432 335 1477 p.
362 1417 565 1456 XXXVIII
583 1418 625 1468 1).
678 1418 880 1456 Adiectiva
913 1418 1119 1457 Homerica
1155 1418 1241 1457 aliis
1280 1418 1532 1457 substantivis

160 1474 278 1520 atque
296 1470 335 1507 in
354 1469 511 1508 Homeri
539 1468 772 1509 carminibus
798 1468 844 1508 fit
869 1473 1118 1519 apponuntur
1135 1469 1186 1520 2)·
1223 1470 1378 1520 αι’γλήεις
1416 1472 1530 1507 αἰθα-

160 1522 254 1564 λόεις
302 1521 479 1572 αἰχμητής
521 1522 691 1570 ἀργεννός
735 1521 892 1570 οἷρχεστν
900 1539 916 1564 4·
957 1522 1071 1570 ἆργης
1112 1522 1294 1570 αρχινόεις
1342 1521 1533 1569 ἀστερόεις

160 1572 344 1620 (αὑδηεις)
382 1572 540 1621 βριαρὸς
577 1572 816 1621 βροτολοιχός
861 1574 941 1618 εἸση
982 1573 1175 1620 &epulum
1216 1572 1360 1621 ἠερόεις
1400 1574 1534 1609 θάλεια

161 1624 323 1672 θαλερὸς
359 1623 445 1666 ἰόεις
480 1626 677 1673 καρχαλεος
714 1623 856 1669 νηλειης
893 1625 1068 1685 νηηιάχος
1097 1624 1237 1671 νιᾳόεις
1266 1623 1443 1665 ὀπταλέος
1471 1622 1531 1661 οὐ·

160 1675 308 1718 τιὸανός
335 1691 377 1711 τι
371 1674 474 1716 τθος
501 1674 729 1720 τανὺφιλλος
752 1673 976 1723 χαμαιευνάς
999 1677 1179 1725 χλϋωρηις
1221 1673 1363 1723 quibus
1390 1686 1437 1712 ea
1463 1673 1533 1711 ad-

159 1725 209 1763 do
236 1736 336 1774 quae
362 1724 471 1762 Hom.
499 1724 687 1762 translato
716 1736 830 1762 sensu
843 1754 851 1770 ‚
890 1723 1083 1762 Nicander
1107 1725 1266 1774 proprio
1291 1724 1533 1762 adhibuerit.

161 1776 366 1823 ἀμέτρητος
399 1776 588 1825 ἑχεπευκὴς
613 1791 681 1813 και
686 1778 808 1825 στείρῃ
847 1778 1047 1817 λέπταλέος.
1104 1775 1306 1813 Adiectiva.
1330 1775 1535 1813 Homerica

161 1826 405 1865 substantiva
444 1825 544 1863 fiunt
570 1838 630 1875 ap.
657 1825 897 1864 Nicandrum
923 1839 955 1864 v.
984 1827 1224 1875 «ψσκαρθμος
1250 1840 1287 1875 p.
1313 1827 1364 1864 24
1391 1831 1470 1864 not.
1497 1826 1533 1864 5.

161 1877 495 1916 Substantivorum
521 1876 811 1915 Homericorum
837 1877 1032 1914 notionem
1057 1877 1294 1922 immutavit,
1331 1877 1371 1914 in
1398 1877 1533 1926 primis

159 1929 217 1967 ita
242 1932 288 1966 ut
312 1927 491 1966 latiorem
518 1928 573 1966 eis
599 1926 916 1977 significationem
948 1927 1160 1966 tribueret:
1204 1928 1382 1975 ἀπορρώξ
1417 1928 1532 1973 ἀήτης

161 1980 341 2029 ἀργεστὴς
365 1980 502 2029 μόσχος
530 1980 641 2027 ὄγμος·
669 1981 772 2027 σειρή
803 1981 952 2026 odilae.
994 1978 1194 2018 Vocabula
1210 1978 1415 2017 Homerica
1433 1991 1533 2028 quae

160 2030 381 2080 significatu
406 2031 520 2078 longe
553 2030 602 2068 ab
629 2030 795 2068 Homero
835 2030 984 2068 diverso
1021 2030 1231 2069 secundum
1267 2042 1366 2079 quae
1402 2031 1534 2068 insunt

160 2086 230 2121 aut
262 2082 386 2120 inesse
422 2080 653 2119 videbantur
678 2103 728 2109 ——
764 2081 1037 2119 Alexandrinis
1064 2081 1326 2131 grammaticis
1352 2081 1391 2118 in
1419 2093 1532 2119 voca-

159 2133 261 2172 bulis
288 2132 569 2170 difficilioribus
595 2144 725 2170 veram
750 2132 1071 2181 significationem
1096 2133 1322 2182 plerumque
1348 2144 1424 2169 non
1450 2144 1533 2170 ma-

159 2184 218 2234 gis
245 2188 377 2222 notam
402 2182 520 2221 fuisse
547 2194 663 2231 quam
690 2182 800 2221 nobis
827 2183 890 2221 vix
918 2187 978 2221 est
1004 2184 1109 2232 quod
1126 2195 1302 2222 moneam
1328 2205 1376 2210 —
1405 2186 1534 2232 etyma

158 2235 362 2284 usurpavit
403 2232 567 2283 (Merkel
601 2247 637 2283 p.
668 2233 823 2295 CXVII)
862 2239 1072 2273 occurrunt
1109 2235 1264 2284 ἀκηριος
1305 2235 1534 2297 ἀμφίβροτος

160 2287 377 2335 ἀποφώλιος
413 2285 565 2330 οἷσκελής
603 2285 812 2334 ammoy-§164⁴
849 2288 1031 2329 ἐνδυκέως
1050 2286 1102 2337 (Ρ)
1139 2288 1339 2334 ἐπίδρομος
1373 2285 1533 2333 ἧμιδαης

245 2396 269 2434 ¹)
292 2395 332 2426 cf.
357 2395 455 2426 etiam
481 2394 583 2426 Lehrs
605 2397 747 2434 quaestt.
772 2394 855 2434 epic.
878 2405 909 2435 p.
935 2396 1006 2427 287.

243 2438 268 2478 2)
291 2438 332 2469 cf.
356 2437 493 2468 Suchier
520 2437 683 2468 animadv.
714 2437 756 2469 de
779 2437 911 2469 dicendi
943 2448 1064 2479 genere
1087 2448 1151 2477 quo
1173 2436 1327 2477 Apollon.
1348 2437 1383 2468 in
1405 2438 1533 2479 Argon.

158 2490 236 2512 usus
258 2482 318 2520 est,
340 2480 474 2512 Rinteln
500 2480 591 2519 1862,
613 2491 645 2521 p.
666 2480 723 2519 123
746 2489 830 2520 quae
853 2480 1042 2511 hominibus
1062 2479 1182 2511 tribuit
1204 2479 1377 2519 Homerus,
1400 2480 1443 2512 ad
1465 2480 1534 2512 ani-

158 2523 258 2554 malia
280 2523 431 2553 traduxit
451 2522 628 2560 Nicander,
651 2522 706 2553 hic
729 2522 828 2553 rebus
850 2523 969 2553 tribuit
989 2532 1073 2563 quae
1095 2522 1152 2553 ille
1174 2522 1413 2562 animantibus3
1450 2532 1535 2563 quae

160 2564 323 2596 Homerus
346 2565 388 2596 ad
410 2574 530 2606 corpus
551 2563 670 2604 refert,
699 2563 867 2597 Nicander
889 2564 931 2596 ad
954 2565 1099 2596 animum
1122 2564 1403 2606 accommodavit,
1437 2565 1535 2597 simil.
