1757 2877
739 657 886 707 Vita.

232 816 508 857 Fridericus
534 818 688 856 Ritter
713 818 857 856 Leerae
884 823 1000 857 natus
1028 831 1113 857 sum
1140 818 1178 856 d.
1208 818 1255 856 13
1284 818 1380 868 Aug.
1410 820 1499 857 anni

133 868 252 911 1856;
291 868 381 906 fidei
407 870 587 907 addictus
613 882 698 908 sum
725 869 978 918 evangelicae.
1030 870 1171 907 Primis
1196 869 1398 908 literarum
1424 870 1501 908 ele-

128 918 268 956 mentis
312 919 507 957 eruditum
539 920 737 970 gymnasio
764 919 968 965 Verdensi,
1015 920 1119 968 quod
1154 924 1249 958 tunc
1275 920 1500 958 Emanuel

127 968 396 1008 Bernhardt
422 975 571 1009 rectore
598 969 776 1016 florebat,
805 974 986 1019 parentes
1012 983 1074 1008 me
1101 970 1370 1017 tradiderunt,
1397 971 1499 1009 unde

127 1032 214 1057 vere
247 1021 337 1059 anni
373 1021 471 1060 1876
499 1021 740 1071 Gottingam,
784 1034 873 1059 vere
906 1034 941 1059 a.
971 1021 1069 1060 1878
1097 1021 1400 1070 Argentoratum
1425 1022 1497 1059 1111-

126 1071 245 1119 gravi,
274 1071 432 1110 Graecis
458 1073 497 1110 in
523 1073 658 1121 primis
684 1076 724 1111 et
749 1072 899 1110 Latinis
934 1072 1058 1110 literis
1085 1085 1243 1121 operam
1270 1077 1495 1111 navaturus.

126 1121 351 1161 Docuerunt
374 1136 435 1161 me
461 1136 531 1172 per
558 1128 725 1172 quatuor
752 1135 872 1161 annos
899 1136 955 1160 vv.
982 1123 1048 1160 dd.
1076 1122 1245 1172 Dssthey,
1273 1136 1298 1161 a
1315 1123 1497 1169 Leutsch,

125 1172 338 1220 Michaelis,
365 1173 491 1221 Niese‚
510 1173 659 1220 Nissen,
689 1173 854 1223 Sauppe,
875 1172 1038 1218 Schoell‚
1061 1173 1315 1220 Studemund,
1336 1173 1498 1212 Wachs-
1546 1172 1552 1178 “

124 1224 235 1262 muth
260 1224 432 1274 philolog
433 1226 465 1271 i,
505 1224 703 1270 Goedeke,
742 1224 906 1270 Martin,
947 1223 1049 1262 Guil.
1075 1224 1239 1262 Mueller
1267 1225 1494 1273 germanici,

124 1274 193 1312 Th.
212 1274 383 1313 Mueller
408 1275 629 1324 linguarum
654 1279 822 1321 recent,
856 1274 1163 1323 Bezzenberger,
1198 1275 1498 1314 Huebschmann

122 1324 294 1375 linguist.
322 1325 574 1375 professores,
607 1326 823 1372 Baumann,
852 1324 971 1363 Lotze
998 1324 1240 1374 philosophi,
1267 1330 1496 1384 praecepto-

122 1389 285 1425 rumque
322 1376 591 1416 benevolentia
631 1376 778 1415 factum
817 1380 877 1414 est
912 1380 957 1414 ut
990 1377 1185 1425 reciperer
1221 1377 1261 1413 111
1292 1377 1499 1415 seminaria

123 1426 358 1476 philologica
384 1427 637 1477 Gottingense
674 1431 714 1465 et
739 1427 1036 1476 Argentinense,
1074 1439 1239 1476 quorum
1265 1427 1408 1466 sodalis
1435 1440 1497 1465 or-

123 1478 297 1517 dinarius
323 1491 393 1528 per
421 1480 517 1517 duos
544 1491 686 1524 annos,
724 1479 763 1516 in
790 1478 1039 1516 seminarium
1066 1478 1374 1528 paedagogicum
1400 1477 1497 1517 Got-

121 1529 318 1578 tingense,
354 1530 463 1567 cuius
498 1529 642 1567 sodalis
669 1529 887 1567 ordinarius
912 1541 983 1578 per
1011 1541 1154 1566 annum
1185 1528 1262 1574 fui3
1307 1530 1497 1567 exercita-

121 1579 292 1618 tionibus
318 1580 547 1630 germanicis
575 1584 615 1618 et
639 1579 835 1618 historicis
864 1583 910 1617 ut
935 1579 1178 1625 interessem,
1207 1578 1307 1618 Guil.
1334 1579 1498 1618 Mueller

122 1643 192 1679 per
210 1635 271 1668 ter
289 1643 356 1669 sex
373 1643 535 1677 menses,
562 1630 701 1669 Nissen
719 1643 788 1679 per
806 1634 991 1668 semestre
1012 1634 1294 1669 concesserunt.
1348 1630 1495 1676 Quibus

122 1681 296 1720 omnibus
322 1682 470 1731 gratias
493 1694 566 1731 ago
584 1685 624 1719 et
640 1681 791 1720 habebo
818 1693 935 1730 quam
951 1681 1151 1727 maximas,
1179 1681 1219 1719 in
1246 1681 1381 1730 primis
1407 1694 1497 1720 vero

122 1732 346 1783 Diltheyo
385 1737 425 1771 et
460 1732 683 1783 Sauppio,
725 1733 792 1782 qui
826 1732 958 1771 studia
993 1745 1080 1771 mea
1119 1733 1221 1772 omni
1256 1732 1497 1782 benignitate

122 1785 317 1832 prosecuti
344 1788 444 1822 sunt.
